@inproceedings{hart2014robot-task-commander,
	Author = {Hart, Stephen and Dinh, Paul and Yamokoski, John D and Wightman, Brian and Radford, Nicolaus},
	Booktitle = {IEEE/RSJ Intl. Conf. on Intelligent Robots and Systems (IROS)},
	Date-Added = {2017-09-09 20:00:33 +0000},
	Date-Modified = {2017-09-09 20:01:17 +0000},
	Organization = {IEEE},
	Pages = {1547--1554},
	Title = {Robot {T}ask {C}ommander: {A} framework and {IDE} for robot application development},
	Year = {2014}}

@book{sheridan1992telerobotics-automation-and-human-supervisory,
	Author = {Sheridan, Thomas B},
	Date-Added = {2017-09-09 20:00:04 +0000},
	Date-Modified = {2017-09-09 20:00:06 +0000},
	Publisher = {MIT press},
	Title = {Telerobotics, automation, and human supervisory control},
	Year = {1992}}

@article{yanco2015analysis-of-human-robot-interaction-at-the-darpa,
	Author = {Yanco, Holly A and Norton, Adam and Ober, Willard and Shane, David and Skinner, Anna and Vice, Jack},
	Date-Added = {2017-09-09 19:59:18 +0000},
	Date-Modified = {2017-09-09 19:59:33 +0000},
	Journal = {Journal of Field Robotics},
	Number = {3},
	Pages = {420--444},
	Publisher = {Wiley Online Library},
	Title = {Analysis of human-robot interaction at the {DARPA} robotics challenge trials},
	Volume = {32},
	Year = {2015}}

@inproceedings{diftler2011robonaut-2-the-first-humanoid,
	Author = {Diftler, Myron A and Mehling, JS and Abdallah, Muhammad E and Radford, Nicolaus A and Bridgwater, Lyndon B and Sanders, Adam M and Askew, Roger Scott and Linn, D Marty and Yamokoski, John D and Permenter, FA and others},
	Booktitle = {IEEE Intl. Conf. on Robotics and Automation (ICRA)},
	Date-Added = {2017-09-09 19:58:31 +0000},
	Date-Modified = {2017-09-09 19:58:53 +0000},
	Organization = {IEEE},
	Pages = {2178--2183},
	Title = {Robonaut 2---the first humanoid robot in space},
	Year = {2011}}

@inproceedings{lopez2015logistics-needs-for-potential-deep,
	Author = {Lopez, Pedro and Schultz, Eric and Mattfeld, Bryan and Stromgren, Chel and Goodliff, Kandyce},
	Booktitle = {IEEE Aerospace Conference},
	Date-Added = {2017-09-09 19:57:06 +0000},
	Date-Modified = {2017-09-09 19:57:57 +0000},
	Organization = {IEEE},
	Pages = {1--10},
	Title = {Logistics needs for potential deep space mission scenarios post Asteroid Redirect crewed Mission},
	Year = {2015}}

@inproceedings{quigley2009high-accuracy-3d-sensing-for-mobile-manipulation,
	Author = {Quigley, Morgan and Batra, Siddharth and Gould, Stephen and Klingbeil, Ellen and Le, Quoc and Wellman, Ashley and Ng, Andrew Y},
	Booktitle = {IEEE Intl. Conf. on Robotics and Automation},
	Date-Added = {2017-09-09 19:55:58 +0000},
	Date-Modified = {2017-09-09 19:56:38 +0000},
	Organization = {IEEE},
	Pages = {2816--2822},
	Title = {High-accuracy 3d sensing for mobile manipulation: {I}mproving object detection and door opening},
	Year = {2009}}

@inproceedings{rusu20113d-is-here:-point-cloud-library,
	Author = {Rusu, Radu Bogdan and Cousins, Steve},
	Booktitle = {IEEE Intl. Conf. on Robotics and automation (ICRA)},
	Date-Added = {2017-09-09 19:48:30 +0000},
	Date-Modified = {2017-09-09 19:49:11 +0000},
	Organization = {IEEE},
	Pages = {1--4},
	Title = {3d is here: Point {C}loud {L}ibrary ({PCL})},
	Year = {2011}}

@article{gossow2011interactive-markers:-3-d-user-interfaces,
	Author = {Gossow, David and Leeper, Adam and Hershberger, Dave and Ciocarlie, Matei},
	Date-Added = {2017-09-09 19:47:07 +0000},
	Date-Modified = {2017-09-09 19:47:24 +0000},
	Journal = {IEEE Robotics \& Automation Magazine},
	Number = {4},
	Pages = {14--15},
	Publisher = {IEEE},
	Title = {Interactive markers: 3-d user interfaces for {ROS} applications},
	Volume = {18},
	Year = {2011}}

@article{garcia2014user-interface-oriented-to-the-specification,
	Author = {Garc{\'\i}a, JC and Prats, M and Marin, R and Sanz, PJ},
	Date-Added = {2017-09-09 17:26:11 +0000},
	Date-Modified = {2017-09-09 17:26:13 +0000},
	Journal = {Journal of Maritime Research},
	Number = {2},
	Pages = {47--62},
	Title = {User Interface Oriented to the Specification of Underwater Robotic Interventions},
	Volume = {8},
	Year = {2014}}

@article{phillips-grafflin2016from-autonomy-to-cooperative-traded,
	Author = {Phillips-Grafflin, Calder and Suay, Halit Bener and Mainprice, Jim and Alunni, Nicholas and Lofaro, Daniel and Berenson, Dmitry and Chernova, Sonia and Lindeman, Robert W and Oh, Paul},
	Date-Added = {2017-09-09 17:25:22 +0000},
	Date-Modified = {2017-09-09 17:25:40 +0000},
	Journal = {Journal of Intelligent \& Robotic Systems},
	Number = {3-4},
	Pages = {341},
	Title = {From autonomy to cooperative traded control of humanoid manipulation tasks with unreliable communication},
	Volume = {82},
	Year = {2016}}

@article{hudson2014model-based-autonomous-system,
	Author = {Hudson, Nicolas and Ma, Jeremy and Hebert, Paul and Jain, Abhinandan and Bajracharya, Max and Allen, Thomas and Sharan, Rangoli and Horowitz, Matanya and Kuo, Calvin and Howard, Thomas and others},
	Date-Added = {2017-09-09 17:08:19 +0000},
	Date-Modified = {2017-09-09 17:08:38 +0000},
	Journal = {Autonomous Robots},
	Number = {1-2},
	Pages = {31--49},
	Publisher = {Springer},
	Title = {Model-based autonomous system for performing dexterous, human-level manipulation tasks},
	Volume = {36},
	Year = {2014}}

@inproceedings{ahlstrom2013robonaut,
	Author = {Ahlstrom, Thomas D and Diftler, Myron E and Berka, Reginald B and Badger, Julia M and Yayathi, Sandeep and Curtis, Andrew W and Joyce, Charles A},
	Booktitle = {AIAA SPACE Conference and Exposition},
	Date-Added = {2017-09-09 17:07:25 +0000},
	Date-Modified = {2017-09-09 17:07:46 +0000},
	Title = {Robonaut 2 on the International Space Station: Status update and preparations for IVA mobility},
	Year = {2013}}

@inproceedings{hart2015the-affordance-template-ros-package,
	Author = {Hart, Stephen and Dinh, Paul and Hambuchen, Kimberly},
	Booktitle = {{IEEE} Intl.\ Conf.\ on Robotics and Automation (ICRA)},
	Date-Added = {2017-09-09 17:06:07 +0000},
	Date-Modified = {2017-09-09 17:06:55 +0000},
	Pages = {6227--6234},
	Title = {The affordance template {ROS} package for robot task programming},
	Year = {2015}}

@article{karumanchi2017team-robosimian,
	Author = {Karumanchi, Sisir and Edelberg, Kyle and Baldwin, Ian and Nash, Jeremy and Reid, Jason and Bergh, Charles and Leichty, John and Carpenter, Kalind and Shekels, Matthew and Gildner, Matthew and others},
	Date-Added = {2017-09-09 17:04:48 +0000},
	Date-Modified = {2017-09-09 17:05:16 +0000},
	Journal = {Journal of Field Robotics},
	Number = {2},
	Pages = {305--332},
	Publisher = {Wiley Online Library},
	Title = {Team {RoboSimian}: {S}emi-autonomous Mobile Manipulation at the 2015 {DARPA} Robotics Challenge Finals},
	Volume = {34},
	Year = {2017}}

@inproceedings{mcgill2015team-thors-adaptive-autonomy,
	Author = {McGill, Stephen and Yi, Seung-Joon and Lee, Daniel D},
	Booktitle = {IEEE-RAS Intl.\ Conf.\ on Humanoid Robots (Humanoids)},
	Date-Added = {2017-09-09 17:03:20 +0000},
	Date-Modified = {2017-09-09 17:03:55 +0000},
	Pages = {453--460},
	Title = {Team {THOR}'s adaptive autonomy for disaster response humanoids},
	Year = {2015}}

@article{kohlbrecher2015human-robot-teaming-for-rescue-missions:,
	Author = {Kohlbrecher, Stefan and Romay, Alberto and Stumpf, Alexander and Gupta, Anant and Von Stryk, Oskar and Bacim, Felipe and Bowman, Doug A and Goins, Alex and Balasubramanian, Ravi and Conner, David C},
	Date-Added = {2017-09-09 17:02:19 +0000},
	Date-Modified = {2017-09-09 17:02:47 +0000},
	Journal = {Journal of Field Robotics},
	Number = {3},
	Pages = {352--377},
	Title = {Human-robot Teaming for Rescue Missions: {T}eam {ViGIR}'s Approach to the 2013 {DARPA} Robotics Challenge Trials},
	Volume = {32},
	Year = {2015}}

@article{johnson2015team-ihmcs-lessons-learned,
	Author = {Johnson, Matthew and Shrewsbury, Brandon and Bertrand, Sylvain and Wu, Tingfan and Duran, Daniel and Floyd, Marshall and Abeles, Peter and Stephen, Douglas and Mertins, Nathan and Lesman, Alex and others},
	Date-Added = {2017-09-09 17:01:00 +0000},
	Date-Modified = {2017-09-09 17:01:20 +0000},
	Journal = {Journal of Field Robotics},
	Number = {2},
	Pages = {192--208},
	Title = {Team {IHMC}'s lessons learned from the {DARPA} robotics challenge trials},
	Volume = {32},
	Year = {2015}}

@article{nagatani2013emergency-response-to-the-nuclear-accident,
	Author = {Nagatani, Keiji and Kiribayashi, Seiga and Okada, Yoshito and Otake, Kazuki and Yoshida, Kazuya and Tadokoro, Satoshi and Nishimura, Takeshi and Yoshida, Tomoaki and Koyanagi, Eiji and Fukushima, Mineo and others},
	Date-Added = {2017-09-09 17:00:11 +0000},
	Date-Modified = {2017-09-09 17:00:19 +0000},
	Journal = {Journal of Field Robotics},
	Number = {1},
	Pages = {44--63},
	Title = {Emergency response to the nuclear accident at the Fukushima Daiichi Nuclear Power Plants using mobile rescue robots},
	Volume = {30},
	Year = {2013}}

@techreport{elliott2012robotic-telepresence,
	Author = {Elliott, Linda R and Jansen, Chris and Redden, Elizabeth S and Pettitt, Rodger A},
	Date-Added = {2017-09-09 16:58:56 +0000},
	Date-Modified = {2017-09-09 16:59:32 +0000},
	Institution = {Army Research lab Aberdeen Proving Ground MD Human Research and Engineering Directorate},
	Title = {Robotic telepresence: Perception, performance, and user experience},
	Year = {2012}}

@incollection{hirzinger1994rotex,
	Author = {Hirzinger, Gerd},
	Booktitle = {Experimental Robotics III},
	Date-Added = {2017-09-09 16:58:01 +0000},
	Date-Modified = {2017-09-09 16:58:08 +0000},
	Pages = {579--598},
	Publisher = {Springer},
	Title = {{ROTEX}---The first space robot technology experiment},
	Year = {1994}}
