
@INPROCEEDINGS{ref:1956, 
author={D.W. Botsiber, L. Kingston}, 
booktitle={Machine Design 28}, 
title={Design and Performance of the Cycloid Speed Reducer}, 
year={1956}, 
pages={65-69},
}
%
@article{ref:on_the_lobe,
	title = {On the lobe profile design in a cycloid reducer using instant velocity center},
	
	volume = {41},
	issn = {0094-114X},
	year = {2005},
	pages = {596-616},
	journaltitle = {Mechanism and Machine Theory},
	shortjournal = {Mech. Mach. Theory},
	author = {Joong-Ho Shin and Soon-Man Kwon},
}

%
@article{ref:design_and_application,
	title = {Design and Application Guidelines for Cycloid Drives with Machining Tolerances},
	volume = {25},
	issn = {0094-114X},
	year = {1990},
	pages = {489-501},
	journaltitle = {Mechanism and Machine Theory},
	shortjournal = {Mech. Mach. Theory},
	author = {D. C. H. Yang and J. G. Blanche},
}
%
@article{ref:malhorta,
	title = {Analysis of a Cycloid Speed Reducer},
	volume = {18},
	issn = {0094-114X},
	year = {1983},
	pages = {491-499},
	journaltitle = {Mechanism and Machine Theory},
	shortjournal = {Mech. Mach. Theory},
	author = {D. C. H. Yang and J. G. Blanche},
}
%
@article{ref:li,
	title = {Design and strength analysis methods of the trochoidal gear reducers},
	volume = {81},
	issn = {0094-114X},
	doi = {10.1016/j.mechmachtheory.2014.07.001},
	pages = {140--154},
	journaltitle = {Mechanism and Machine Theory},
	shortjournal = {Mechanism and Machine Theory},
	author = {Li, Shuting},
	date = {2014-11},

}
%
@article{ref:unified_approach,
	title = {Unified Approach to Cycloid Drive Profile, Stress, and Efficiency Optimization},
	volume = {132},
	issn = {1050-0472},
	doi = {10.1115/1.4000832},
	pages = {024503--024503--5},
	number = {2},
	journaltitle = {Journal of Mechanical Design},
	shortjournal = {J. Mech. Des},
	author = {Sensinger, Jonathon W.},
	date = {2010-02-09},
}
%
@inproceedings{ref:cycloid_vs_harmonic,
	title = {Cycloid vs. harmonic drives for use in high ratio, single stage robotic transmissions},
	doi = {10.1109/ICRA.2012.6224739},
	eventtitle = {2012 {IEEE} International Conference on Robotics and Automation},
	pages = {4130--4135},
	booktitle = {2012 {IEEE} International Conference on Robotics and Automation},
	author = {Sensinger, J. W. and Lipsey, J. H.},
	date = {2012-05},
	
}
%
@article{ref:hsieh_traditional,
	title = {Traditional versus improved designs for cycloidal speed reducers with a small tooth difference: The effect on dynamics},
	volume = {86},
	issn = {0094-114X},
	doi = {10.1016/j.mechmachtheory.2014.11.013},
	shorttitle = {Traditional versus improved designs for cycloidal speed reducers with a small tooth difference},
	pages = {15--35},
	journaltitle = {Mechanism and Machine Theory},
	shortjournal = {Mechanism and Machine Theory},
	author = {Hsieh, Chiu-Fan},
	date = {2015-04},
}
%
@article{ref:hsieh_dynamics,
	title = {Dynamics Analysis of Cycloidal Speed Reducers With Pinwheel and Nonpinwheel Designs},
	volume = {136},
	issn = {1050-0472},
	doi = {10.1115/1.4027850},
	pages = {091008--091008--11},
	number = {9},
	journaltitle = {Journal of Mechanical Design},
	shortjournal = {J. Mech. Des},
	author = {Hsieh and Chiu-Fan},
	date = {2014-06-26},
}
%
@article{ref:hwang_hsieh,
	title = {Geometric Design Using Hypotrochoid and Nonundercutting Conditions for an Internal Cycloidal Gear},
	volume = {129},
	issn = {1050-0472},
	doi = {10.1115/1.2437806},
	pages = {413--420},
	number = {4},
	journaltitle = {Journal of Mechanical Design},
	shortjournal = {J. Mech. Des},
	author = {Hwang, Yii-Wen and Hsieh, Chiu-Fan},
	date = {2006-04-22},
}

@INPROCEEDINGS{ref:rover, 
author={B. Bluethmann and E. Herrera and A. Hulse and J. Figuered and L. Junkin and M. Markee and R. O. Ambrose}, 
booktitle={2010 IEEE Aerospace Conference}, 
title={An active suspension system for lunar crew mobility}, 
year={2010}, 
pages={1-9}, 
doi={10.1109/AERO.2010.5446895}, 
ISSN={1095-323X}, 
month={March}
}


@article{ref:ye,
	title = {Simple explicit formulae for calculating limit dimensions to avoid undercutting in the rotor of a Cycloid rotor pump},
	volume = {41},
	issn = {0094-114X},
	doi = {10.1016/j.mechmachtheory.2005.07.001},
	pages = {405--414},
	number = {4},
	journaltitle = {Mechanism and Machine Theory},
	shortjournal = {Mechanism and Machine Theory},
	author = {Ye, Zhonghe and Zhang, Wei and Huang, Qinghai and Chen, Chuanming},
	date = {2006-04-01},
}

@book{ref:machine_design,
  author    = {J. E. Shigley and C.R. Mischkea and R. G. Budynas}, 
  title     = {Mechanical Engineering Design},
  publisher = {McGraw-Hill},
  year      = 2004,
  address   = {New York},
  edition   = 7,
}

@book{ref:electric_machines,
  author    = {Paul Krause and Oleg Wasynczuk and Scott Sudhoff and Steven Pekarek}, 
  title     = {Analysis of Electric Machinery and Drive Systems},
  publisher = {Wiley-IEEE Press},
  year      = 2013,
  edition   = 3,
  pages = {489-492},
}

@manual{ref:harmonic_sheet,
organization = {Harmonic Drive},
title = {Speed Reducers for Precision Motion Control: Harmonic Drive Reducers},
year = {2017},
month = {June},
note = {Rev 20170615},
}

@INPROCEEDINGS{ref:curiosity, 
author={R. Welch and D. Limonadi and R. Manning}, 
booktitle={2013 8th International Conference on System of Systems Engineering}, 
title={Systems engineering the Curiosity Rover: A retrospective}, 
year={2013}, 
pages={70-75}, 
keywords={Mars;entry, descent and landing (spacecraft);planetary rovers;planetary surfaces;systems engineering;Earth;MSL;Mars Science Laboratory Curiosity Rover;Mars surface;cruise system;entry descent and landing system;rover complex science payload;scientific exploration;spacecraft;systems engineering;systems sampling system;Actuators;Aerospace electronics;Complexity theory;Computer architecture;Instruments;Mars;Software;Mars;Robotics;Rovers;Systems Engineering}, 
doi={10.1109/SYSoSE.2013.6575245}, 
month={June},}

@manual{ref:IGBTPower,
organization = {infineon},
title = {IGBT Power Losses Calculation Using the Data-Sheet Parameters},
year = {2009},
month = {January},
note = {V 1.1},
author = {Dusan Graovac and Marco P{\"u}rschel}
}

@INPROCEEDINGS{ref:harmonic_space_lube, 
author={Schafer, I. and Bourlier, P. and Hantschack, F. and Roverts, E.W. and Lewis, S. D. and Forster, D.J.}, 
booktitle={11th European Space Mechanisms and Tribology Symposium}, 
title={Space Lubrication and Performance of Harmonic Drive Gears}, 
year={2005}, 
pages={65-72}
}

@patent{ref:harmonic_updated_bearing,
	title = {Harmonic drive apparatus},
	number = {{US}4909098 A},
	holder = {Kiryu, Yuichi},
	urldate = {2017-10-28},
	date = {1990-03-20},
}

@patent{ref:harmonic_bearing,
	title = {Harmonic drive bearings},
	url = {http://www.google.com/patents/US3285099},
	number = {{US}3285099 A},
	holder = {Heyl, Peter T. and Parks, Jr George U. and Shuford, Solon C.},
	urldate = {2017-10-28},
	date = {1966-11-15},

}

@patent{ref:harmonic_original,
	title = {Strain wave gearing},
	number = {{US}2906143 A},
	holder = {C, Walton Musser},
	urldate = {2017-10-28},
	date = {1959-09-29},
}


@patent{ref:cycloid_pinwheel,
	title = {Subtractive and additive differential gear reduction system},
	number = {{US}4338830 A},
	holder = {Rodaway, Keith S.},
	urldate = {2017-10-28},
	date = {1982-07-13},
}

@patent{ref:cycloid_original,
	title = {Hoist},
	number = {{US}1833648 A},
	holder = {P, Johnson James},
	urldate = {2017-10-28},
	date = {1931-11-24},
}

@INPROCEEDINGS{ref:r2, 
author={M. A. Diftler and J. S. Mehling and M. E. Abdallah and N. A. Radford and L. B. Bridgwater and A. M. Sanders and R. S. Askew and D. M. Linn and J. D. Yamokoski and F. A. Permenter and B. K. Hargrave and R. Platt and R. T. Savely and R. O. Ambrose}, 
booktitle={2011 IEEE International Conference on Robotics and Automation}, 
title={Robonaut 2 - {T}he first humanoid robot in space}, 
year={2011}, 
pages={2178-2183}, 
keywords={aerospace robotics;dexterous manipulators;distributed control;humanoid robots;robust control;International Space Station;Robonaut philosophy;anthropomorphic robotic torso;astronauts;dexterous robot;humanoid robot;mechatronic design;robust distributed control;Actuators;Impedance;Joints;Robot sensing systems;Service robots}, 
doi={10.1109/ICRA.2011.5979830}, 
ISSN={1050-4729}, 
month={May},
}

@article {ref:fukushima_robots,
author = {Nagatani, Keiji and Kiribayashi, Seiga and Okada, Yoshito and Otake, Kazuki and Yoshida, Kazuya and Tadokoro, Satoshi and Nishimura, Takeshi and Yoshida, Tomoaki and Koyanagi, Eiji and Fukushima, Mineo and Kawatsuma, Shinji},
title = {Emergency response to the nuclear accident at the {F}ukushima {D}aiichi {N}uclear {P}ower {P}lants using mobile rescue robots},
journal = {Journal of Field Robotics},
volume = {30},
number = {1},
issn = {1556-4967},
url = {http://dx.doi.org/10.1002/rob.21439},
doi = {10.1002/rob.21439},
pages = {44--63},
year = {2013},
}

@online{_performance_????,
	title = {{THE} {PERFORMANCE} {AND} {LIFE} {OF} {FLUID}-{LUBRICATED} {HARMONIC} {DRIVE}Â®},
	url = {http://esmats.eu/esmatspapers/pastpapers/pdfs/2015/roberts.pdf},
	urldate = {2017-05-14},
	file = {roberts.pdf:/home/lcfarrel/Zotero/storage/2C4ZSK93/roberts.pdf:application/pdf}
}

@INPROCEEDINGS{ref:harmonic_performance, 
author={Roberts, Emyr W. and Bridgeman, Paul and Jansson, Markus and Schulke, Matthias and Tvaruzka, Adam}, 
booktitle = {ESA Special Publication},
title={The Performance and Life of Fluid-Lubricated Harmonic Drive{\reg} Gears}, 
year={2015}, 
series = {ESA Special Publication},
}

@patent{ref:harmonic_drive_co,
	title = {Tooth profile of spline of strain wave gearing},
	url = {http://www.google.com/patents/US4823638},
	number = {{US}4823638 A},
	holder = {Ishikawa, Shoichi},
	urldate = {2017-10-28},
	date = {1989-04-25},
}


@INPROCEEDINGS{ref:harmonic_apollo, 
author={Ueura, K. and Slatter, R.}, 
booktitle = {Space Mechanisms and Tribology},
title={Development of the Harmonic Drive Gear for Space Applications}, 
year={1999}, 
}