
@INPROCEEDINGS{1956, 
author={D.W. Botsiber, L. Kingston}, 
booktitle={Machine Design 28}, 
title={Design and Performance of the Cycloid Speed Reducer}, 
year={1956}, 
pages={65-69},
}
%
@article{on_the_lobe,
	title = {On the lobe profile design in a cycloid reducer using instant velocity center},
	
	volume = {41},
	issn = {0094-114X},
	year = {2005},
	pages = {596-616},
	journaltitle = {Mechanism and Machine Theory},
	shortjournal = {Mech. Mach. Theory},
	author = {Joong-Ho Shin and Soon-Man Kwon},
}

%
@article{design_and_application,
	title = {Design and Application Guidelines for Cycloid Drives with Machining Tolerances},
	volume = {25},
	issn = {0094-114X},
	year = {1990},
	pages = {489-501},
	journaltitle = {Mechanism and Machine Theory},
	shortjournal = {Mech. Mach. Theory},
	author = {D. C. H. Yang and J. G. Blanche},
}
%
@article{malhorta,
	title = {Analysis of a Cycloid Speed Reducer},
	volume = {18},
	issn = {0094-114X},
	year = {1983},
	pages = {491-499},
	journaltitle = {Mechanism and Machine Theory},
	shortjournal = {Mech. Mach. Theory},
	author = {D. C. H. Yang and J. G. Blanche},
}
%
@article{li,
	title = {Design and strength analysis methods of the trochoidal gear reducers},
	volume = {81},
	issn = {0094-114X},
	doi = {10.1016/j.mechmachtheory.2014.07.001},
	pages = {140--154},
	journaltitle = {Mechanism and Machine Theory},
	shortjournal = {Mechanism and Machine Theory},
	author = {Li, Shuting},
	date = {2014-11},

}
%
@article{unified_approach,
	title = {Unified Approach to Cycloid Drive Profile, Stress, and Efficiency Optimization},
	volume = {132},
	issn = {1050-0472},
	doi = {10.1115/1.4000832},
	pages = {024503--024503--5},
	number = {2},
	journaltitle = {Journal of Mechanical Design},
	shortjournal = {J. Mech. Des},
	author = {Sensinger, Jonathon W.},
	date = {2010-02-09},
}
%
@inproceedings{cycloid_vs_harmonic,
	title = {Cycloid vs. harmonic drives for use in high ratio, single stage robotic transmissions},
	doi = {10.1109/ICRA.2012.6224739},
	eventtitle = {2012 {IEEE} International Conference on Robotics and Automation},
	pages = {4130--4135},
	booktitle = {2012 {IEEE} International Conference on Robotics and Automation},
	author = {Sensinger, J. W. and Lipsey, J. H.},
	date = {2012-05},
	
}
%
@article{hsieh_traditional,
	title = {Traditional versus improved designs for cycloidal speed reducers with a small tooth difference: The effect on dynamics},
	volume = {86},
	issn = {0094-114X},
	doi = {10.1016/j.mechmachtheory.2014.11.013},
	shorttitle = {Traditional versus improved designs for cycloidal speed reducers with a small tooth difference},
	pages = {15--35},
	journaltitle = {Mechanism and Machine Theory},
	shortjournal = {Mechanism and Machine Theory},
	author = {Hsieh, Chiu-Fan},
	date = {2015-04},
}
%
@article{hsieh_dynamics,
	title = {Dynamics Analysis of Cycloidal Speed Reducers With Pinwheel and Nonpinwheel Designs},
	volume = {136},
	issn = {1050-0472},
	doi = {10.1115/1.4027850},
	pages = {091008--091008--11},
	number = {9},
	journaltitle = {Journal of Mechanical Design},
	shortjournal = {J. Mech. Des},
	author = {Hsieh and Chiu-Fan},
	date = {2014-06-26},
}
%
@article{hwang_hsieh,
	title = {Geometric Design Using Hypotrochoid and Nonundercutting Conditions for an Internal Cycloidal Gear},
	volume = {129},
	issn = {1050-0472},
	doi = {10.1115/1.2437806},
	pages = {413--420},
	number = {4},
	journaltitle = {Journal of Mechanical Design},
	shortjournal = {J. Mech. Des},
	author = {Hwang, Yii-Wen and Hsieh, Chiu-Fan},
	date = {2006-04-22},
}

@INPROCEEDINGS{rover, 
author={B. Bluethmann and E. Herrera and A. Hulse and J. Figuered and L. Junkin and M. Markee and R. O. Ambrose}, 
booktitle={2010 IEEE Aerospace Conference}, 
title={An active suspension system for lunar crew mobility}, 
year={2010}, 
pages={1-9}, 
doi={10.1109/AERO.2010.5446895}, 
ISSN={1095-323X}, 
month={March}
}


@article{ye,
	title = {Simple explicit formulae for calculating limit dimensions to avoid undercutting in the rotor of a Cycloid rotor pump},
	volume = {41},
	issn = {0094-114X},
	doi = {10.1016/j.mechmachtheory.2005.07.001},
	pages = {405--414},
	number = {4},
	journaltitle = {Mechanism and Machine Theory},
	shortjournal = {Mechanism and Machine Theory},
	author = {Ye, Zhonghe and Zhang, Wei and Huang, Qinghai and Chen, Chuanming},
	date = {2006-04-01},
}

@book{machine_design,
  author    = {J. E. Shigley and C.R. Mischkea and R. G. Budynas}, 
  title     = {Mechanical Engineering Design},
  publisher = {McGraw-Hill},
  year      = 2004,
  address   = {New York},
  edition   = 7,
}

@book{electric_machines,
  author    = {Paul Krause and Oleg Wasynczuk and Scott Sudhoff and Steven Pekarek}, 
  title     = {Analysis of Electric Machinery and Drive Systems},
  publisher = {Wiley-IEEE Press},
  year      = 2013,
  edition   = 3,
  pages = {489-492},
}

@manual{harmonic_sheet,
organization = {Harmonic Drive},
title = {Speed Reducers for Precision Motion Control: Harmonic Drive Reducers},
year = {2017},
month = {June},
note = {Rev 20170615},
}

@INPROCEEDINGS{curiosity, 
author={R. Welch and D. Limonadi and R. Manning}, 
booktitle={2013 8th International Conference on System of Systems Engineering}, 
title={Systems engineering the Curiosity Rover: A retrospective}, 
year={2013}, 
pages={70-75}, 
keywords={Mars;entry, descent and landing (spacecraft);planetary rovers;planetary surfaces;systems engineering;Earth;MSL;Mars Science Laboratory Curiosity Rover;Mars surface;cruise system;entry descent and landing system;rover complex science payload;scientific exploration;spacecraft;systems engineering;systems sampling system;Actuators;Aerospace electronics;Complexity theory;Computer architecture;Instruments;Mars;Software;Mars;Robotics;Rovers;Systems Engineering}, 
doi={10.1109/SYSoSE.2013.6575245}, 
month={June},}

@manual{IGBTPower,
organization = {infineon},
title = {IGBT Power Losses Calculation Using the Data-Sheet Parameters},
year = {2009},
month = {January},
note = {V 1.1},
author = {Dusan Graovac and Marco P{\"u}rschel}
}
